@article{DBLP:journals/corr/abs-1903-06939,
  author    = {Manjavacas, Enrique and
               K{\'{a}}d{\'{a}}r, {\'{A}}kos. and
               Kestemont, Mike},
  title     = {Improving Lemmatization of Non-Standard Languages with Joint Learning},
  journal   = {CoRR},
  volume    = {abs/1903.06939},
  year      = {2019},
  url       = {http://arxiv.org/abs/1903.06939},
  archivePrefix = {arXiv},
  eprint    = {1903.06939},
  timestamp = {Mon, 01 Apr 2019 14:07:37 +0200},
  biburl    = {https://dblp.org/rec/bib/journals/corr/abs-1903-06939},
  bibsource = {dblp computer science bibliography, https://dblp.org}
}

@inproceedings{chen2015long,
  title={Long short-term memory neural networks for chinese word segmentation},
  author={Chen, Xinchi and Qiu, Xipeng and Zhu, Chenxi and Liu, Pengfei and Huang, Xuanjing},
  booktitle={Proceedings of the 2015 Conference on Empirical Methods in Natural Language Processing},
  pages={1197--1206},
  year={2015}
}

@article{Camps2019ProducingCO,
  title={Producing Corpora of Medieval and Premodern Occitan},
  author={Camps, Jean-Baptiste and Couffignal, Gilles G. },
  journal={CoRR},
  year={2019},
  volume={abs/1904.11815}
}

@misc{huang2019realistic,
    title={A realistic and robust model for Chinese word segmentation},
    author={Huang, Chu-Ren and Yo, Ting-Shuo and Šimon, Petr, and Hsieh, Shu-Kai},
    year={2008},
    eprint={1905.08732},
    archivePrefix={arXiv},
    primaryClass={cs.CL}
}

@article{yu2019learning,
  title={Learning Chinese Word Segmentation Based on Bidirectional GRU-CRF and CNN Network Model},
  author={Yu, Chenghai and Wang, Shupei and Guo, Jiajun},
  journal={International Journal of Technology and Human Interaction (IJTHI)},
  volume={15},
  number={3},
  pages={47--62},
  year={2019},
  publisher={IGI Global}
}

@article{zanna1998lecture,
  title={Lecture, {\'e}criture et morphologie latines en Irlande aux VII{\`e} et VIII{\`e} si{\`e}cles},
  author={Zanna, Paolo},
  journal={Archivum Latinitatis Medii Aevi-Bulletin du Cange (ALMA)},
  year={1998},
  publisher={Union Acad{\'e}mique Internationale, Bruxelles, Belgique}
}

@misc{enrique_manjavacas_2019_2654987,
  author       = {Manjavacas, Enrique and
                  Clérice, Thibault and
                  Kestemont, Mike},
  title        = {emanjavacas/pie v0.2.3},
  month        = apr,
  year         = 2019,
  doi          = {10.5281/zenodo.2654987},
  url          = {https://doi.org/10.5281/zenodo.2654987}
}

@misc{bentrevett,
  author       = {Trevett, Ben},
  title        = {PyTorch Seq2Seq},
  month        = apr,
  year         = 2019,
  url          = {https://github.com/bentrevett/pytorch-seq2seq}
}

@inproceedings{pinchecampsclerice,
  author       = {Camps, Jean-Baptiste and Clérice, Thibault and Pinche, Ariane},
  title        = {Stylometry for Noisy Medieval Data: Evaluating Paul Meyer's Hagiographic Hypothesis},
  month        = jul,
  year         = 2019,
  booktitle    = {DH2019},
  place        = {Utrecht}
}

@inproceedings{stutzmann,
  author       = {Stutzmann, Dominique},
  title        = {Words as graphic and linguistic structures: word spacing in psalm 101 Domine exaudi orationem meam (11th-15th c.)},
  month        = jun,
  year         = 2016,
  booktitle    = "13e symposium annuel de la Société Internationale des Médiévistes"
}

@article{gimenez2014handwriting,
  title={Handwriting word recognition using windowed Bernoulli HMMs},
  author={Gim{\'e}nez, Adri{\`a} and Khoury, Ihab and Andr{\'e}s-Ferrer, Jes{\'u}s and Juan, Alfons},
  journal={Pattern Recognition Letters},
  volume={35},
  pages={149--156},
  year={2014},
  publisher={Elsevier}
}

@article{wahlberg2014spotting,
  title={Spotting words in medieval manuscripts},
  author={Wahlberg, Fredrik and Dahll{\"o}f, Mats and M{\aa}rtensson, Lasse and Brun, Anders},
  journal={Studia Neophilologica},
  volume={86},
  number={sup1},
  pages={171--186},
  year={2014},
  publisher={Taylor \& Francis}
}


@inproceedings{8269990,
  author        = {Bluche, Théodore and Hamel, Sebastien and Kermorvant, Christopher and Puigcerver, Joan and Stutzmann, Dominique and Toselli, Alejandro H.  and Vidal, Enrique},
  booktitle     = {2017 14th IAPR International Conference on Document Analysis and Recognition (ICDAR)},
  title         = {Preparatory KWS Experiments for Large-Scale Indexing of a Vast Medieval Manuscript Collection in the HIMANIS Project},
  year          = {2017},
  volume        = {01},
  number        = {},
  pages         = {311-316},
  doi           = {10.1109/ICDAR.2017.59},
  ISSN          = {2379-2140},
  month         = {Nov},
}

@misc{mufi,
  title         = {{Medieval Unicode Font Initiative V4.0}},
  author        = {Medieval Unicode Font Initiative},
  year          = {2015},
  month         = {dec},
  handle        = {hdl.handle.net/1956/10699},
}

@misc{camps_pandora,
  title        = {Pandora, A (language independent) Tagger Lemmatizer for Latin and the Vernacular},
  author       = {Camps, Jean-Baptiste and Clérice, Thibault and Kestemont, Mike and Manjavacas, Enrique},
  month        = nov,
  year         = 2017,
  url          = {https://www.academia.edu/35076560/Pandora_A_language_independent_Tagger_Lemmatizer_for_Latin_and_the_Vernacular},
  howpublished = {{Atelier COSME}},
}


@article{tse2017chinese,
  title={The Chinese Lexicon Project: A megastudy of lexical decision performance for 25,000+ traditional Chinese two-character compound words},
  author={Tse, Chi-Shing and Yap, Melvin J and Chan, Yuen-Lai and Sze, Wei Ping and Shaoul, Cyrus and Lin, Dan},
  journal={Behavior Research Methods},
  volume={49},
  number={4},
  pages={1503--1519},
  year={2017},
  publisher={Springer}
}

@book{routledge,
  title={The Routledge handbook of scripts and alphabets},
  author={Campbell, George L and Moseley, Christopher},
  year={2012},
  publisher={Routledge}
}

% Network

@article{lecun1998gradient,
  title={Gradient-based learning applied to document recognition},
  author={LeCun, Yann and Bottou, L{\'e}on and Bengio, Yoshua and Haffner, Patrick},
  journal={Proceedings of the IEEE},
  volume={86},
  number={11},
  pages={2278--2324},
  year={1998},
  publisher={Ieee}
}

@article{hochreiter1997long,
  title={Long short-term memory},
  author={Hochreiter, Sepp and Schmidhuber, J{\"u}rgen},
  journal={Neural computation},
  volume={9},
  number={8},
  pages={1735--1780},
  year={1997},
  publisher={MIT Press}
}



% Software

@misc{thibault_clerice_2019_3237731,
  author       = {Clérice, Thibault},
  title        = {PonteIneptique/mufidecode: v0.1.0},
  month        = jun,
  year         = 2019,
  doi          = {10.5281/zenodo.3237731},
  url          = {https://doi.org/10.5281/zenodo.3237731}
}

@misc{WordSegment,
  author      = {Jenks, Grant},
  title       = {WordSegment (1.3.1)},
  url         = {https://github.com/grantjenks/python-wordsegment},
  year        = 2018,
  month       = jul
}
@InProceedings{udpipe:2017,
  author    = {Straka, Milan  and  Strakov\'{a}, Jana},
  title     = {Tokenizing, POS Tagging, Lemmatizing and Parsing UD 2.0 with UDPipe},
  booktitle = {Proceedings of the CoNLL 2017 Shared Task: Multilingual Parsing from Raw Text to Universal Dependencies},
  month     = {August},
  year      = {2017},
  address   = {Vancouver, Canada},
  publisher = {Association for Computational Linguistics},
  pages     = {88--99},
  url       = {http://www.aclweb.org/anthology/K/K17/K17-3009.pdf}
}

@misc{boudams,
  author       = {Clérice, Thibault},
  title        = {PonteIneptique/boudams: Article release},
  month        = jun,
  year         = 2019,
  publisher    = {Zenodo},
  version      = {0.3.0},
  doi          = {10.5281/zenodo.3241754},
  url          = {https://doi.org/10.5281/zenodo.3241754}
}


@incollection{pytorch,
title = {PyTorch: An Imperative Style, High-Performance Deep Learning Library},
author = {Paszke, Adam and Gross, Sam and Massa, Francisco and Lerer, Adam and Bradbury, James and Chanan, Gregory and Killeen, Trevor and Lin, Zeming and Gimelshein, Natalia and Antiga, Luca and Desmaison, Alban and Kopf, Andreas and Yang, Edward and DeVito, Zachary and Raison, Martin and Tejani, Alykhan and Chilamkurthy, Sasank and Steiner, Benoit and Fang, Lu and Bai, Junjie and Chintala, Soumith},
booktitle = {Advances in Neural Information Processing Systems 32},
editor = {H. Wallach and H. Larochelle and A. Beygelzimer and F. d'Alch\'{e}-Buc and E. Fox and R. Garnett},
pages = {8024--8035},
year = {2019},
publisher = {Curran Associates, Inc.},
url = {http://papers.neurips.cc/paper/9015-pytorch-an-imperative-style-high-performance-deep-learning-library.pdf}
}

@misc{numpy,
  author =    {Oliphant, Travis},
  title =     {{NumPy}: A guide to {NumPy}},
  year =      {2006--},
  howpublished = {USA: Trelgol Publishing},
  url = "http://www.numpy.org/",
  note = {[Online; accessed <today>]}
 }
 
@article{pedregosa2011scikit,
  title={Scikit-learn: Machine learning in Python},
  author={Pedregosa, Fabian and Varoquaux, Ga{\"e}l and Gramfort, Alexandre and Michel, Vincent and Thirion, Bertrand and Grisel, Olivier and Blondel, Mathieu and Prettenhofer, Peter and Weiss, Ron and Dubourg, Vincent and others},
  journal={Journal of machine learning research},
  volume={12},
  number={Oct},
  pages={2825--2830},
  year={2011}
}


% Corpora



@misc{graal,
  author      = {Marchello-Nizia, Christiane and Lavrentiev, Alexei and Vedrenne-Fajolles, Isabelle and Heiden, Serge},
  title       = {Queste du Graal d'après Bibliothèque municipale de Lyon, ms. Arts 77},
  url         = {http://bfm.ens-lyon.fr/IMG/html/qgraal77_dipl.html},
  year        = 2019,
  month       = jun
}

@misc{theobaldus,
  title       = {Vie en prose romane de saint Thibaut, d'apr{\`e}s le manuscrit FR. 23686 de la biblioth{\`e}que nationale de France},
  author      = {Grossel, Marie-Geneviève},
  url         = {http://www.theobaldus.org/histoire-spiritualite-8/vies-romanes/16-vie-en-prose-romane-de-saint-thibaut},
  year        = 2019
}

@misc{old_french_corpus,
  author      = {Sneddon, Clive R.},
  title       = {Old French corpus},
  url         = {http://purl.ox.ac.uk/ota/0176},
  year        = 2019
}

@misc{perseus,
  author       = {Crane, Gregory R. and
                  Clérice, Thibault and
                  Cerrato, Lisa and
                  Almas, Briget and
                  Jovanović, Neven and
                  Gessner, Annette and
                  Burns, Patrick J. and
                  Dee, Stella R. and
                  Munson, Matt and
                  Foradi, Maryam and
                  Seydi, Masoumeh and
                  Buckhingam, Tim},
  title        = {PerseusDL/canonical-latinLit 0.0.421},
  month        = may,
  year         = 2019,
  doi          = {10.5281/zenodo.3236496},
  url          = {https://doi.org/10.5281/zenodo.3236496}
}

@misc{formulae,
  author       = {Depreux, Philippe and
                  Munson, Matt and
                  Pica, Morgane and
                  Faye, Corentin},
  title        = {Formulae - Litterae - Chartae},
  month        = jun,
  year         = 2019,
  url          = {https://github.com/Formulae-Litterae-Chartae/formulae-open}
}

@misc{tnah_transcription,
  author       = {Pinche, Ariane and 
                    Andrieux, Clément and
                    Vieillon, Lucie and
                    Morillon, Marie and
                    Schmied, Marie-Caroline and
                    Jacquot, Olivier and
                    Albouy, Ségolène},
  title        = {{Exercices TEI du master Technologies Numériques Appliquées à l'Histoire}},
  year         = 2019,
  url          = {https://github.com/Chartes-TNAH/digital-edition}
}

@misc{bfmmss,
  author       = {Lavrentiev, Alexei},
  title        = {{Corpus BFMMSS}},
  year         = 2019,
  url          = {http://txm.bfm-corpus.org/}
}


@misc{pinche:hal-01628533,
  TITLE = {{{\'E}dition nativement num{\'e}rique des oeuvres hagiographiques 'Li Seint Confessor' de Wauchier de Denain, d'apr{\`e}s le manuscrit 412 de la biblioth{\`e}que nationale de France}},
  AUTHOR = {Pinche, Ariane},
  URL = {https://hal.archives-ouvertes.fr/hal-01628533},
  NOTE = {Poster},
  HOWPUBLISHED = {{40 ans du laboratoire du CIHAM et de la cr{\'e}ation du p{\^o}le de Lyon de l'EHESS}},
  YEAR = {2017},
  MONTH = Oct,
  PDF = {https://hal.archives-ouvertes.fr/hal-01628533/file/poster-Pinche-40ansCIHAM-10oct.pdf},
  HAL_ID = {hal-01628533},
  HAL_VERSION = {v1},
}

@misc{jean_baptiste_camps_2019_2630574,
  author       = {Camps, Jean-Baptiste and
                  Cochet, Alice and
                  Albarran, Elena and
                  Ing, Lucence and
                  Levêque, Pauline},
  title        = {{Jean-Baptiste-Camps/Geste: Geste: un corpus de 
                   chansons de geste, 2016-…}},
  month        = apr,
  year         = 2019,
  doi          = {10.5281/zenodo.2630574},
  url          = {https://doi.org/10.5281/zenodo.2630574}
}

@misc{germanica,
  author       = {Ceynowa, Klaus},
  title        = {{Monumenta Germanica Historica}},
  year         = 2019,
  url          = {http://www.mgh.de/}
}

@misc{edh,
  author       = {  Witschel, Christian and 
                    Alföldy, Géza and 
                    Cowey, James M.S. and 
                    Feraudi-Gruénais, Francisca and 
                    Gräf, Brigitte and 
                    Grieshaber, Frank and 
                    Klar, Regine and 
                    Osnabrügge, Jonas},
  title        = {{Epigraphic Database Heidelberg}},
  year         = 2019,
  url          = {https://edh-www.adw.uni-heidelberg.de/}
}

@misc{pompei,
  author       = {Clérice, Thibault},
  title        = {Pompei Inscriptions},
  url          = {https://github.com/lascivaroma/pompei-inscriptions},
  year         = {2017}
}